% So sieht der Biblatex Eintag für eine Abschlussarbeit aus:
@thesis{ma-sebastian,
author = {Müller, Sebastian},
title = {Clear Sight in Cherenkov-Astronomy},
subtitle = {Investigations of Reflector Geometry and Mirror Alignment for the FACT-Telescope},
year = {2014},
type = {Masterarbeit},
school = {TU Dortmund}
}

% ein Lehrbuch:
@book{kuypers,
    author = {Kuypers, Friedhelm},
    title = {Klassische Mechanik},
    year = {2010},
    publisher = {Wiley-VCH},
    series = {9. Auflage}
}

@BOOK{handbook_adhesives,
  editor =       {Satas, D.},
  TITLE =        {Handbook of pressure sensitive adhesive technology},
  PUBLISHER =    {Van Nostrand Reinhold},
  YEAR =         {1989},
  address =      {New York},
  edition =      {2nd},
}


% Ein in einem Journal veröffentlichter Artikel (Paper):
@article{pdg,
      author         = "Beringer, J. and others",
      title          = "{Review of Particle Physics (RPP)}",
      collaboration  = "Particle Data Group",
      journal        = "Phys.Rev.",
      volume         = "D86",
      pages          = "010001",
      doi            = "10.1103/PhysRevD.86.010001",
      year           = "2012",
      SLACcitation   = "%%CITATION = PHRVA,D86,010001;%%",
}

@ARTICLE{einstein,
  author = {Einstein, A.},
  title = {A Generalization of the relativistic theory of Gravitation},
  journal = {Annals of Mathematics},
  year = {1945},
  volume = {46},
  pages = {578-584},
  number = {4}
  }

% eine Internet Quelle
@MANUAL{siunitx,
    title   = {siunitx - A comprehensive (SI) units package},
    url = {http://mirror.selfnet.de/tex-archive/macros/latex/contrib/siunitx/siunitx.pdf},
    date = {2013},
    author = {Wright, Joseph}
}
@MANUAL{koma,
    title   = {KOMA -Script},
    subtitle = {ein wandelbares LaTeX-Paket},
    url = {http://mirror.selfnet.de/tex-archive/macros/latex/contrib/koma-script/doc/scrguide.pdf},
    date = {2013},
    author = {Kohm, Markus and Morawski, Jens-Uwe}
}
@MANUAL{biblatex,
    title   = {The Biblatex Package},
    subtitle = {Programmable Bibliographies and Citations},
    url = {ftp://ftp.fu-berlin.de/tex/CTAN/macros/latex/contrib/biblatex/doc/biblatex.pdf},
    date = {2014},
    author = {Lehman, Philipp and others}
}
@ELECTRONIC{make,
    title   = {Gnu-Make Homepage},
    url = {http://www.gnu.org/software/make/},
    date = {2014},
}
@ELECTRONIC{toolbox,
    title   = {Pep et al.\ Toolbox -- \LaTeX-Folien},
    url = {http://toolbox.pep-dortmund.org/files/archive/2014/latex.pdf},
    date = {2014},
}
@ELECTRONIC{gitbash,
    title   = {Git Bash - Download},
    url = {http://msysgit.github.io/},
    date = {2014},
}
@ELECTRONIC{pleser,
    title   = {Modern Packages for LaTeX},
    url = {http://philippleser.de/physics/latex},
    date = {2014},
    author = {Leser, Philipp}
}
@MANUAL{l2tabu,
    title   = {Das LATEX2ε-Sündenregister},
    author = {Ensenbach, Marc and Trettin, Mark},
    url = {ftp://ftp.mpi-sb.mpg.de/pub/tex/mirror/ftp.dante.de/pub/tex/info/l2tabu/german/l2tabu.pdf},
    date = {2011},
}
@ELECTRONIC{texmaker,
    title   = {Texmaker},
    subtitle =  {The universal LaTeX editor, Downloads},
    url = {http://www.xm1math.net/texmaker/download.html},
    date = {2014},
}
@manual{sample,
  organization = {TU Dortmund, Fakultät Physik},
  title = {Versuch zum Literaturverzeichnis},
  year = 2014
}

@book{Demtröder_Exp_P_1,
	author       = {Professor Dr. Wolfgang Demtröder},
	title        = {Experimentalphysik 1 Mechanik und Wärme},
	publisher    = {Springer},
	date         = {2021-11-24},
    edition      = {4}
}

@book{Ingenieurwissen,
	title 		= {Das Ingenieurwissen},
	author 		= {Czichos, Horst and Hennecke, Manfred},
	year 		= {2012},
	isbn 		= {978-3-642-22850-6},
	publisher 	= {Springer Verlag},
}

@book{czichos,
	title 		= {Das Ingenieurwissen},
	author 		= {Czichos, Horst and Hennecke, Manfred},
	year 		= {2012},
	isbn 		= {978-3-642-22850-6},
	publisher 	= {Springer Verlag},
}

@book{physikalischesGrundpraktikum,
	title 		= {Das neue physikalische Grundpraktikum},
	author 		= {Eichler, Hans Joachim and Kronfeldt, Heinz-Detlef and Sahm, Jürgen},
	year 		= {2016},
	isbn 		= {978-3-662-49022-8},
	publisher 	= {Springer Verlag},
}

@online{Gestis,
	title = 	{GESTIS-Stoffdatenbank},
	url = {https://www.dguv.de/ifa/gestis/gestis-stoffdatenbank/index.jsp},
	urldate = {2022-06-02},
	organization = {Deutsche Gesetzliche Unfallversicherung e.V. (DGUV)},
}

@online{NIST,
	title = 	{X-Ray Transition Energies Data Base},
	url = {https://physics.nist.gov/cgi-bin/XrayTrans/search.pl?element=Cu&lower=&upper=&units=eV},
	urldate = {2022-04-24},
	organization = {NIST},
}

@online{Dichlordifluormethan,
	title = 	{Dichlordifluormethan},
	url = {https://gestis.dguv.de/data?name=026210},
	urldate = {2021-12-10},
	organization = {Deutsche Gesetzliche Unfallversicherung e.V. (DGUV)},
}

@book{finke92,
	author       = {Siegfried Finke},
	title        = {Versuchsanleitungen zum Anfänger-Praktikum in Physik},
	publisher    = {Fachbereich Physik Universität Dortmund},
	date         = {1992},
  edition      = {2}
}

@online{Helmholtzspulenpaar,
	title		 = {Skizze eines Helmholtzspulenpaares},
	organization = {Wikipedia},
	urldate		 = {2021-11-24},
	url 		 = {https://de.wikipedia.org/wiki/Helmholtz-Spule#/media/Datei:Helmholtz_coils.png}
}

@online{v353,
	title        = {V353 - Das Relaxationsverhalten eines RC-Kreises},
	organization = {TU Dortmund},
	urldate      = {2021-11-18},
	url          = {https://moodle.tu-dortmund.de/pluginfile.php/1712442/mod_resource/content/1/V353.pdf},
}

@online{v354,
	title        = {V354 - Gedämpfte und erzwungene Schwingungen},
	organization = {TU Dortmund},
	urldate      = {2021-11-18},
	url          = {https://moodle.tu-dortmund.de/pluginfile.php/1712443/mod_resource/content/1/V354.pdf},
}

@online{v105,
	title        = {V105 - Das Magnetische Moment},
	organization = {TU Dortmund},
	urldate      = {2021-11-24},
	url          = {https://moodle.tu-dortmund.de/pluginfile.php/1884522/mod_resource/content/1/V105.pdf},
}

@online{v106,
	title        = {V106 - Gekoppelte Schwingungen},
	organization = {TU Dortmund},
	urldate      = {2021-12-02},
	url          = {https://moodle.tu-dortmund.de/pluginfile.php/1712437/mod_resource/content/2/V106.pdf},
}

@online{v203,
	title        = {V203 - Verdampfungswärme und Dampfdruck-Kurve},
	organization = {TU Dortmund},
	urldate      = {2022-01-19},
	url          = {https://moodle.tu-dortmund.de/pluginfile.php/1712438/mod_resource/content/1/V203.pdf},
}

@online{v206,
	title        = {V206 - Die Wärmepumpe},
	organization = {TU Dortmund},
	urldate      = {2021-12-07},
	url          = {https://moodle.tu-dortmund.de/pluginfile.php/1884592/mod_resource/content/1/V206.pdf},
}

@online{v308,
	title        = {V308 - Spulen und Magnetfelder},
	organization = {TU Dortmund},
	urldate      = {2021-12-15},
	url          = {https://moodle.tu-dortmund.de/pluginfile.php/1884546/mod_resource/content/1/V308.pdf},
}

@online{v355,
	title        = {V355 - Gekoppelte Schwingkreise},
	organization = {TU Dortmund},
	urldate      = {2022-01-02},
	url          = {https://moodle.tu-dortmund.de/pluginfile.php/1884597/mod_resource/content/1/V355.pdf},
}

@online{v101,
	title        = {V101 - Das Trägheitsmoment},
	organization = {TU Dortmund},
	urldate      = {2022-01-12},
	url          = {https://moodle.tu-dortmund.de/pluginfile.php/1884054/mod_resource/content/1/V101.pdf},
}

@online{vUS2,
	title        = {US2 - Scanverfahren in der Ultraschalltechnik},
	organization = {TU Dortmund},
	urldate      = {2022-04-08},
	url          = {https://moodle.tu-dortmund.de/pluginfile.php/1977256/mod_resource/content/2/US2.pdf},
}

@online{v602,
	title        = {V602 - Röntgenemission und -absorption},
	organization = {TU Dortmund},
	urldate      = {2022-04-20},
	url          = {https://moodle.tu-dortmund.de/pluginfile.php/1977250/mod_resource/content/4/V602.pdf},
}

@online{v606,
	title        = {V606 - Messung der Suszeptibilität paramagentischer Stoffe},
	organization = {TU Dortmund},
	urldate      = {2022-04-27},
	url          = {https://moodle.tu-dortmund.de/pluginfile.php/1933356/mod_resource/content/1/V606.pdf},
}

@online{v503,
	title        = {V503 - Der Milikan Öltröpfchenversuch},
	organization = {TU Dortmund},
	urldate      = {2022-05-03},
	url          = {https://moodle.tu-dortmund.de/pluginfile.php/1977249/mod_resource/content/2/V503.pdf},
}

@online{v504,
	title        = {V504 - Thermische Elektronenemission},
	organization = {TU Dortmund},
	urldate      = {2022-05-12},
	url          = {https://moodle.tu-dortmund.de/pluginfile.php/1933354/mod_resource/content/2/V504.pdf},
}

@online{v401,
	title        = {V401 - Das Michelson-Interferometer},
	organization = {TU Dortmund},
	urldate      = {2022-05-17},
	url          = {https://moodle.tu-dortmund.de/pluginfile.php/1933350/mod_resource/content/2/V401.pdf},
}

@online{v407,
	title        = {V407 - Fresnelsche Formeln},
	organization = {TU Dortmund},
	urldate      = {2022-05-24},
	url          = {https://moodle.tu-dortmund.de/pluginfile.php/1977241/mod_resource/content/2/V407.pdf},
}

@online{v704,
	title        = {V704 - Absorption von Gamma- und Beta-Strahlung},
	organization = {TU Dortmund},
	urldate      = {2022-05-31},
	url          = {https://moodle.tu-dortmund.de/pluginfile.php/2005007/mod_resource/content/2/V704.pdf},
}

@online{v703,
	title        = {V703 - Das Geiger-Müller-Zählrohr},
	organization = {TU Dortmund},
	urldate      = {2022-06-08},
	url          = {https://moodle.tu-dortmund.de/pluginfile.php/1977248/mod_resource/content/2/V703.pdf},
}

@online{v400,
	title        = {V400 - Reflexion, Brechung und Beugung},
	organization = {TU Dortmund},
	urldate      = {2022-06-14},
	url          = {https://moodle.tu-dortmund.de/pluginfile.php/1933349/mod_resource/content/5/V400.pdf},
}

@online{v702,
	title        = {V702 - Aktivierung mit Neutronen},
	organization = {TU Dortmund},
	urldate      = {2022-06-22},
	url          = {https://moodle.tu-dortmund.de/pluginfile.php/1977247/mod_resource/content/2/V702.pdf},
}

@online{104iRh,
  titel = {Daten und Eigenschaften des Isotops Rh-104},
  url = {https://www.internetchemie.info/isotop.php?Kern=Rh-104#:~:text=Halbwertszeit%20HWZ%20%3D%2042%2C3(,%C3%97%20101%20Sekunden%20s.},
  urldate = {2022-06-01}
}

@online{Zerfall,
  titel = {Das Periodensystem der Elemente online},
  url = {https://www.periodensystem-online.de/index.php?id=isotope&el=23&mz=52&show=nuklid},
  urldate = {2022-06-01}
}

@online{v21,
	title        = {V21 - Optisches Pumpen},
	organization = {TU Dortmund},
	urldate      = {2023-04-18},
	url          = {https://moodle.tu-dortmund.de/pluginfile.php/2295929/mod_resource/content/3/V21.pdf},
}

@online{v60,
	title        = {V60 - Diodenlaser},
	organization = {TU Dortmund},
	urldate      = {2023-04-18},
	url          = {https://moodle.tu-dortmund.de/mod/folder/view.php?id=1351473},
}

@online{v47,
	title        = {V47 - Molwärme von Cu},
	organization = {TU Dortmund},
	urldate      = {2023-05-01},
	url          = {https://moodle.tu-dortmund.de/pluginfile.php/2295934/mod_resource/content/9/V47.pdf},
}

@book{grossmarx,
	title 		= {Festkörperphysik},
	author 		= {Gross,Rudolf and Marx, Achim},
	year 		= {2018},
	isbn 		= {978-3-11-055822-7},
	publisher 	= {DE GRUYTER},
}
@online{copper,
title        = {Material properties of copper},
organization = {matweb.com},
urldate      = {2023-05-04},
url          = {https://www.matweb.com/search/datasheet_print.aspx?matguid=9aebe83845c04c1db5126fada6f76f7e},
}

@online{v64,
	title        = {V64 - Moderne Interferometrie},
	organization = {TU Dortmund},
	urldate      = {2023-05-16},
	url          = {https://moodle.tu-dortmund.de/pluginfile.php/2295938/mod_resource/content/5/V64.pdf},
}

@book{phy-chem-eigenschaften,
	title 		= {Makroskopische physikalisch-chemische Eigenschaften},
	author 		= {Lax, Ellen},
	year 		= {1967},
	isbn 		= {978-3-642-49542-7},
	publisher 	= {Springer Verlag},
}

@online{v53,
	title        = {V53 - Mikrowellen auf Hohlleiter},
	organization = {TU Dortmund},
	urldate      = {2023-06-12},
	url          = {https://moodle.tu-dortmund.de/pluginfile.php/2672086/mod_resource/content/2/V53.pdf},
}

@book{exp_mikro,
	title 		= {Experimente mit Mikrowellen 1},
	author 		= {PHILIPS},
	year 		= {},
	isbn 		= {},
	publisher 	= {},
}
@online{matplotlib,
	title        = {Matplotlib: Visualization with Python},
	organization = {},
	urldate      = {2023-06-12},
	url          = {https://matplotlib.org/},
}
@online{uncertainties,
	title        = {Uncertainties package Python},
	organization = {},
	urldate      = {2023-06-12},
	url          = {https://pythonhosted.org/uncertainties/},
}
@online{wiki_Fara,
	title        = {Faraday Rotation},
	organization = {Physical OpenLab},
	urldate      = {2023-07-11},
	url          = {https://physicsopenlab.org/2019/08/20/faraday-rotation/},
}